@article{heitzler2020cartographic,
  title={Cartographic reconstruction of building footprints from historical maps: A study on the Swiss Siegfried map},
  author={Heitzler, Magnus and Hurni, Lorenz},
  journal={Transactions in GIS},
  volume={24},
  number={2},
  pages={442--461},
  year={2020},
  publisher={Wiley Online Library}
}

@inproceedings{he2016deep,
  title={Deep residual learning for image recognition},
  author={He, Kaiming and Zhang, Xiangyu and Ren, Shaoqing and Sun, Jian},
  booktitle={Proceedings of the IEEE conference on computer vision and pattern recognition},
  pages={770--778},
  year={2016}
}

@inproceedings{ronneberger2015u,
  title={U-net: Convolutional networks for biomedical image segmentation},
  author={Ronneberger, Olaf and Fischer, Philipp and Brox, Thomas},
  booktitle={International Conference on Medical image computing and computer-assisted intervention},
  pages={234--241},
  year={2015},
  organization={Springer}
}

@InProceedings{Girshick_2014_CVPR,
author = {Girshick, Ross and Donahue, Jeff and Darrell, Trevor and Malik, Jitendra},
title = {Rich Feature Hierarchies for Accurate Object Detection and Semantic Segmentation},
booktitle = {Proceedings of the IEEE Conference on Computer Vision and Pattern Recognition (CVPR)},
month = {June},
year = {2014}
}

@incollection{NEURIPS2019_9015,
title = {PyTorch: An Imperative Style, High-Performance Deep Learning Library},
author = {Paszke, Adam and Gross, Sam and Massa, Francisco and Lerer, Adam and Bradbury, James and Chanan, Gregory and Killeen, Trevor and Lin, Zeming and Gimelshein, Natalia and Antiga, Luca and Desmaison, Alban and Kopf, Andreas and Yang, Edward and DeVito, Zachary and Raison, Martin and Tejani, Alykhan and Chilamkurthy, Sasank and Steiner, Benoit and Fang, Lu and Bai, Junjie and Chintala, Soumith},
booktitle = {Advances in Neural Information Processing Systems 32},
editor = {H. Wallach and H. Larochelle and A. Beygelzimer and F. d\textquotesingle Alch\'{e}-Buc and E. Fox and R. Garnett},
pages = {8024--8035},
year = {2019},
publisher = {Curran Associates, Inc.},
url = {http://papers.neurips.cc/paper/9015-pytorch-an-imperative-style-high-performance-deep-learning-library.pdf}
}

@inproceedings{oliveiraseguinkaplan2018dhsegment,
  title={dhSegment: A generic deep-learning approach for document segmentation},
  author={Ares Oliveira, Sofia and Seguin, Benoit and Kaplan, Frederic},
  booktitle={Frontiers in Handwriting Recognition (ICFHR), 2018 16th International Conference on},
  pages={7--12},
  year={2018},
  organization={IEEE}
}

@article{khiyal2009modified,
  title={Modified Watershed Algorithm for Segmentation of 2D Images.},
  author={Khiyal, Malik Sikandar Hayat and Khan, Aihab and Bibi, Amna},
  journal={Issues in Informing Science \& Information Technology},
  volume={6},
  year={2009}
}

@inproceedings{li2003improved,
  title={An improved image segmentation approach based on level set and mathematical morphology},
  author={Li, Hua and Elmoataz, Abderrahim and Fadili, Jaral M and Ruan, Su},
  booktitle={Third international symposium on multispectral image processing and pattern recognition},
  volume={5286},
  pages={851--854},
  year={2003},
  organization={SPIE}
}

@article{van2014scikit,
  title={scikit-image: image processing in Python},
  author={Van der Walt, Stefan and Sch{\"o}nberger, Johannes L and Nunez-Iglesias, Juan and Boulogne, Fran{\c{c}}ois and Warner, Joshua D and Yager, Neil and Gouillart, Emmanuelle and Yu, Tony},
  journal={PeerJ},
  volume={2},
  pages={e453},
  year={2014},
  publisher={PeerJ Inc.}
}

@article{felzenszwalb2004efficient,
  title={Efficient graph-based image segmentation},
  author={Felzenszwalb, Pedro F and Huttenlocher, Daniel P},
  journal={International journal of computer vision},
  volume={59},
  number={2},
  pages={167--181},
  year={2004},
  publisher={Springer}
}

@article{boykov2006graph,
  title={Graph cuts and efficient ND image segmentation},
  author={Boykov, Yuri and Funka-Lea, Gareth},
  journal={International journal of computer vision},
  volume={70},
  number={2},
  pages={109--131},
  year={2006},
  publisher={Springer}
}